\usepackage[lowtilde]{url}

@techreport{gdl1,
  author = {Nathaniel Love and Timothy Hinrichs and David Haley and Eric Schkufza and Michael Genesereth},
  title = {{G}eneral {G}ame {P}laying: {G}ame {D}escription {L}anguage {S}pecification},
  year = {2008},
  institution = {Stanford University},
  address={Stanford, California},
  url = { http://games.stanford.edu/readings/gdl\_spec.pdf}
}



@incollection {expansionstrategies,
   author = {Yajima, Takayuki and Hashimoto, Tsuyoshi and Matsui, Toshiki and Hashimoto, Junichi and Spoerer, Kristian},

   title = {{N}ode-{E}xpansion {O}perators for the {UCT} {A}lgorithm},
   booktitle = {CG 2010},
   series = {{LNCS}},
   editor = {H.~J.~van den Herik and Hiroyuki Iida and Aske Plaat},
	publisher="Springer-Verlag",
	address="Berlin-Heidelberg, Germany",
   isbn = {978-3-642-17927-3},
   pages = {116-123},
   volume = {6515},
   year = {2011}
}


@incollection {sturtevant_configmp,
   author = {Sturtevant, Nathan},
   title = {{A}n {A}nalysis of {UCT} in {M}ulti-{P}layer {G}ames},
   booktitle = {CG 2008},
   series = {{LNCS}},
   editor = {H.~J.~van den Herik and Xinhe Xu and Zongmin Ma and Mark H. M. Winands},
	publisher="Springer-Verlag",
	address="Berlin-Heidelberg, Germany",
   isbn = {978-3-540-87607-6},
   pages = {37-49},
   volume = {5131},
   year = {2008}
}

@INPROCEEDINGS{nast, 
author={Powley, E.~J. and Whitehouse, D. and Cowling, P.~I.}, 
booktitle={{C}omputational {I}ntelligence in {G}ames (CIG), 2013 {IEEE} {C}onference on}, 
title={{B}andits {A}ll the {W}ay {D}own: {UCB1} as a {S}imulation {P}olicy in {M}onte {C}arlo {T}ree {S}earch}, 
year={2013}, 
pages={81-88}, 
}


    @article{gibbs,
     title = {{Explaining the Gibbs Sampler}},
     author = {Casella, G. and George, E.~I.},
     journal = {The American Statistician},
     volume = {46},
     number = {3},
     pages = {167-174},
     ISSN = {00031305},
     year = {1992},
     publisher = {American Statistical Association},
    }
    
    
@ARTICLE{Sturtevant2008,
  author = {N.~R.~Sturtevant},
  title = {{An Analysis of UCT in Multi-player Games}},
  journal = {ICGA Journal},
  year = {2008},
  volume = {31},
  pages = {195--208},
  number = {4}

}



@inproceedings{gdl2,
	author= {Michael Thielscher},
	title={A {G}eneral {G}ame {D}escription {L}anguage
				for {I}ncomplete {I}nformation {G}ames},
	year={2010},
	booktitle={{P}roceedings of the {T}wenty-{F}ourth {AAAI} {C}onference on {A}rtificial {I}ntelligence},
	pages={994--999},
	publisher={The AAAI Press},
	address={Menlo Park, California},
	editor={Maria Fox and David Poole}
	}
	




@ARTICLE{shanon,
  author = {C.~E.~Shannon},
  title = {{Prediction and Entropy of Printed English}},
  journal = {{T}he {B}ell {S}ystem {T}echnical {J}ournal},
  year = {1951},
  volume = {30},
  pages = {50--64},
  number = {1}

}


@inproceedings{ngramOpening,
	author= {T. Nakamura},
	title={{Acquisition of Move Sequence Patterns from Game Record Database Using N-gram Statistics}},
	year={1997},
	booktitle={{P}roceedings of the 4th {G}ame {P}rogramming {W}orkshop in {J}apan},
	pages={96--105}
	}
	
@inproceedings{ngramForcedMove,
	author= {T. Otsuki},
	title={{Extraction of `Forced Move' from N-Gram Statistics}},
	year={2005},
	booktitle={{P}roceedings of the 10th {G}ame {P}rogramming {W}orkshop in {J}apan},
	pages={89--96}
	}
	
	
@INPROCEEDINGS{bigram, 
author={Kimura, T. and Ugajin, T. and Kotani, Y.}, 
booktitle={2011 International Conference on Technologies and Applications of Artificial Intelligence (TAAI)}, 
title={{Bigram Realization Probability for Game Tree Search}}, 
year={2011}, 
volume={}, 
number={}, 
pages={260-265}, 
doi={10.1109/TAAI.2011.53}, 
place={Chung-Li, Taiwan}
}	
	
@phdthesis{ngramthesis,
	author = {J. Hashimoto},
	title= {A {S}tudy on {G}ame-{I}ndependent {H}euristics in {G}ame-{T}ree {S}earch} ,
	school   =   {School of {I}nformation Science, {J}apan {A}dvanced {I}nstitute of {S}cience and {T}echnology},
    address  =   {Kanazawa, Japan},
    year     =   {2011}
    }
    
    	
@ARTICLE{ngramArticle, 
author={M.~J.~W. Tak and M.~H.~M. Winands and Y. Bj{\"o}rnsson}, 
journal={IEEE Transactions on Computational Intelligence and AI in Games}, 
title={{N-Grams and the Last-Good-Reply Policy Applied in General Game Playing}}, 
year={2012}, 
volume={4}, 
number={2}, 
pages={73-83} 
}

@ARTICLE{BjornssonF09, 
author={Bj{\"o}rnsson, Y. and Finnsson, H.}, 
journal={IEEE Transactions on Computational Intelligence and AI in Games}, 
title={{CadiaPlayer: A Simulation-Based General Game Player}}, 
year={2009},  
volume={1}, 
number={1}, 
pages={4-15},
keywords={CadiaPlayer;Monte Carlo simulations;heuristic evaluation function learning;intelligent agents;minimax-based game-tree search;search-control knowledge learning;simulation-based general game player;single-agent games;Monte Carlo methods;computer games;learning (artificial intelligence);minimax techniques;multi-agent systems;tree searching;}, 
doi={10.1109/TCIAIG.2009.2018702}, 
ISSN={1943-068X},}


@inproceedings{ary,
	author={J. M{\'e}hat and T. Cazenave},
	title={Ary, a {G}eneral {G}ame {P}laying {P}rogram},
	booktitle = {XIIIth Board Games Studies Colloquium},
	address={Paris, France},
	year={2010}
}




@ARTICLE{ary_suggested_reviewer, 
author = "J. M{\'e}hat and T. Cazenave",
journal={IEEE Transactions on Computational Intelligence and AI in Games}, title={Combining {UCT} and {N}ested {M}onte {C}arlo {S}earch for {S}ingle-{P}layer {G}eneral {G}ame {P}laying}, 
year={2010},  
volume={2}, 
number={4}, 
pages={271 -277}, 
keywords={MAX;UCT+T;nested Monte Carlo tree search;program Ary;single player general game playing;transposition tables;upper confidence bounds;Monte Carlo methods;computer games;tree searching;}, 
doi={10.1109/TCIAIG.2010.2088123}, 
ISSN={1943-068X},}



@Article{countermove,
    author = "J.~W.~H.~M. Uiterwijk",
    title = "The {C}ountermove {H}euristic",
    journal = "ICCA Journal",
    volume = "15",
    number = "1",
    pages="8--15",
    year = 1992,

}




@techreport{kif,
	author={M.~R. Genesereth and R.~E. Fikes},
	title={{K}nowledge {I}nterchange {F}ormat, {V}ersion 3.0 {R}eference {M}anual},
	  year = {1992},
  institution = {Stanford University},
  address={Stanford, California},
  type={Logic Group Technical Report Logic-92-1}
  }
	
	
	@misc{gamecontroller,
	title={Game{C}ontroller},
	url="www.general-game-playing.de/downloads.html",
	author ="S. Schiffel",
	year="2012",
	}
	
		@misc{dresdenserver,
	title="{The Dresden GGP Server}",
	url= "http://130.208.241.192/ggpserver/",
	author="M. G{\"u}nther and S. Schiffel",
	year="2012",
	}
	
	
		@misc{ggp_base,
	title= "General Game Playing Base {P}ackage",
	author ="S. Schreiber",
	url="http://code.google.com/p/ggp-base/",
	year="2012",
	}

	
		@misc{germanopen,
	title={German {O}pen in {GGP} 2011},
	howpublished={\url{http://www.tzi.de/~kissmann/ggp/go-ggp/classical/games/}},
	author = {Peter Kissmann and Tim Federholzner},
	
	
	}

@inproceedings{cluneplayer,
	author= {J. Clune},
	title={Heuristic {E}valuation {F}unctions for {G}eneral {G}ame {P}laying},
	year={2007},
	booktitle={Proceedings of the Twenty-Second AAAI Conference on Artificial Intelligence},
	pages={1134--1139},
	publisher={The AAAI Press},
	address={Menlo Park, California}
	}
	
@article(schaeffer83, key="schaeffer83", author="J. Schaeffer ",
    title="{The History Heuristic}",
    journal="ICCA Journal",
    volume= 6,
    number = 3,
    pages = "16--19",
    year=1983)




@ARTICLE{Schaeffer89thehistory, 
author={Schaeffer, J.}, 
journal={IEEE Transactions on Pattern Analysis and Machine Intelligence}, 
title={The {H}istory {H}euristic and {A}lpha-{B}eta {S}earch {E}nhancements in {P}ractice}, 
year={1989}, 
month={November}, 
volume={11}, 
number={11}, 
pages={1203 -1212}, 
keywords={alpha-beta search enhancements;game trees;history heuristic;interior nodes;minimax trees;transposition tables;minimax techniques;search problems;trees (mathematics);}, 
doi={10.1109/34.42858}, 
ISSN={0162-8828},}


@inproceedings{FinnssonB08a,
        Author = {H. Finnsson and Y. Bj{\"o}rnsson},
        Booktitle = {Proceedings of the Twenty-Third AAAI Conference on Artificial Intelligence},
        Publisher = {{AAAI Press}},
        Title = {{S}imulation-{B}ased {A}pproach to {G}eneral {G}ame {P}laying},
        Year = {2008},
        pages = {259--264},
        address={Menlo Park, California},
        editor={D. Fox and C.P. Gomes} 

        }



        @article{DrakeLastGoodReply,
  author    = {P.~D. Drake},
  title     = {The {L}ast-{G}ood-{R}eply {P}olicy for {M}onte-{C}arlo {G}o},
  journal   = {ICGA Journal},
  volume    = {32},
  number    = {4},
  year      = {2009},
  pages     = {221-227}
  }


@ARTICLE{LGRBaier, 
author={Baier, H. and Drake, P.~D.}, 
journal={IEEE Transactions on Computational Intelligence and AI in Games}, 
title={The {P}ower of {F}orgetting: {I}mproving the {L}ast-{G}ood-{R}eply {P}olicy in {M}onte {C}arlo {G}o}, 
year={2010}, 
volume={2}, 
number={4}, 
pages={303 -309}, 
keywords={Monte Carlo Go;biased random sampling policy;forgetting;game playing;last-good-reply policy;simulated games;tree search;win rate;Monte Carlo methods;computer games;learning (artificial intelligence);tree searching;}, 
doi={10.1109/TCIAIG.2010.2100396}, 
ISSN={1943-068X},}



@inproceedings{Gelly:2007,
 author = {Gelly, S. and Silver, D.},
 title = {{C}ombining {O}nline and {O}ffline {K}nowledge in {UCT}},
 booktitle = {Proceedings of the 24th {I}nternational {C}onference on {M}achine {L}earning},
 editor = {Ghahramani, Z.},
 series = {ICML '07},
 year = {2007},
 isbn = {978-1-59593-793-3},
 location = {Corvalis, Oregon},
 pages = {273--280},
 numpages = {8},
 doi = {10.1145/1273496.1273531},
 acmid = {1273531},
 publisher = {ACM},
 address = {New York, New York},
} 

@inproceedings{mctsSelectivity,
	author="R. Coulom",
	title="Efficient {S}electivity and {B}ackup {O}perators in {M}onte-{C}arlo {T}ree {S}earch",
	booktitle="Computers and Games (CG 2006)",
	volume = "4630",
	series="LNCS",
	pages="72--83",
	publisher="Springer-Verlag",
	address="Berlin-Heidelberg, Germany",
	year="2007",
	editor="H.~J.~van den Herik and P.~Ciancarini and H.~H.~L.~M. Donkers"
	}
	
	
	@inproceedings{mctsBandit,
	author = "L. Kocsis and C. Szepesv{\'a}ri",
	title={Bandit {B}ased {M}onte-{C}arlo {P}lanning},
	editor="J. F{\"u}rnkranz and T. Scheffer and M. Spiliopoulou",
	booktitle="Proceedings of the EMCL 2006",
	volume = "4212",
	series="LNCS",
	pages="282--293",
	year="2006",
	location="Berlin",
	publisher="Springer-Verlag",
	address="Berlin-Heidelberg, Germany"
	}
	
	@Article{mcts,
    author       = "G.~M.~J.~B. Chaslot and M.~H.~M. Winands and J.~W.~H.~M. Uiterwijk and H.~J.~van den Herik and B. Bouzy",
title = {Progressive {S}trategies for {M}onte-{C}arlo {T}ree {S}earch},
journal = {New Mathematics and Natural Computation},
year = {2008},
volume = {4},
number = {3},
pages = {343--357},
}
	


	@inproceedings{fluxplayer1,
author = {S. Schiffel and M. Thielscher},
title = {Fluxplayer: {A} {S}uccessful {G}eneral {G}ame {P}layer},
booktitle={Proceedings of the  Twenty-Second AAAI Conference on Artificial Intelligence},
publisher={The AAAI Press},
address={Menlo Park, California},
year = {2007},
pages = {1191--1196},

}


	@inproceedings{fluxplayer2,
author = {S. Schiffel and M. Thielscher},
title = {Automatic {C}onstruction of a {H}euristic {S}earch {F}unction for {G}eneral {G}ame {P}laying},
booktitle = {Seventh IJCAI International Workshop on Nonmontonic Reasoning, Action and Change (NRAC07)},
year = {2007},


}

@MastersThesis{thesisTron,
  AUTHOR = {C.~J.~R.~H. Laschet},
  TITLE = {{S}election and {P}lay-out {E}nhancements in {MCTS} for {T}ron},
  school     =     {Department of Knowledge Engineering, Maastricht University},
  address     =     {Maastricht, The Netherlands},
  TYPE = {Bachelor's Thesis},
  YEAR = 2012,
}



@MastersThesis{arimaathesis,
    author     =     {T. Kozelek},
    title     =     {Methods of {MCTS} and the {G}ame {A}rimaa},
    school     =     {{D}epartment of {T}heoretical {C}omputer {S}cience and {M}athematical {L}ogic, {C}harles {U}niversity},
    address     =     {{P}rague, {C}zech {R}epublic},
    year     =     {2009}
    }


@MastersThesis{finnssonthesis,
    author     =     {H. Finnsson},
    title     =     {{CADIA-Player}: {A} {G}eneral {G}ame {P}laying {A}gent},
    school     =     {School of Computer Science, Reykjav{\'i}k University},
    address     =     {Reykjav{\'i}k, Iceland},
    year     =     {2007}
    }

@phdthesis{finnsonphdthesis,
	author = {H. Finnsson},
	title= {Simulation-{B}ased {G}eneral {G}ame {P}laying} ,
	school     =     {School of Computer Science, Reykjav{\'i}k University},
    address     =     {Reykjav{\'i}k, Iceland},
    year     =     {2012}
    }
	

    @inproceedings{FinnssonB09a,
  author    = {H. Finnsson and Y. Bj{\"o}rnsson},
  title          = {{Simulation Control in General Game Playing Agents}},
  booktitle = { The IJCAI Workshop on General Game Playing (GIGA'09)},
  year        = {2009},
  pages = {21--26},
  address = {Pasadena, California}

}



@book{languagebook,
 author = {C.~D. Manning and H. Sch{\"u}tze},
 title = {{Foundations of Statistical Natural Language Processing}},
 address = {USA},
 publisher = {The MIT Press},
 place = {Cambridge, Massachusetts},
 year = {1999}

}


@inbook{gamesbook,
	author = {I. Millington},
	title = {{Artificial Intelligence for Games}},
	publisher = {Morgan Kaufmann},
	chapter = {7},
	pages = {580--591},
	year = {2006},
	edition = {First}
	}
	
	
	
	@inproceedings{FinnssonB10a,
        Author = {H. Finnsson and Y. Bj{\"o}rnsson},
        Booktitle = {Proceedings of the Twenty-Fourth AAAI Conference on Artificial Intelligence},
        Publisher = {AAAI Press},
        address={Menlo Park, California},
        Title = {{Learning Simulation Control in General Game-Playing Agents}},
        Year = {2010},
        Pages= {954--959},
        editor={M. Fox and D. Poole}
 }



 @incollection{gameswisdom,
	editor = {S. Rabin},
	author = {F.~D. Laram{\'e}e},
	title = {{Using N-Gram Statistical Models to Predict Player Behavior}},
	booktitle = {AI Programming Wisdom},
	publisher = {Charles River Media},
	place = {Hingham, Massachusetts},
	chapter = {11},
	pages = {596--601},
	year = {2002},
	volume = {1}
	}
	
	@MastersThesis{havannahThesis,
    author     =     {J.~A. Stankiewicz},
    title     =     {{Knowledge-Based Monte-Carlo Tree Search in Havannah}},
    school     =     {Department of Knowledge Engineering, Maastricht University},
    address     =     {Maastricht, The Netherlands},
    year     =     {2011}
    }

	@inproceedings{stankiewicz2011,
    author     =     {J.~A. Stankiewicz and M.~H.~M. Winands and J.~W.~H.~M. Uiterwijk },
    title     =     {{Monte-Carlo Tree Search Enhancements} for {H}avannah},
  booktitle={Advances in Computer Games (ACG 13)},
  year={2012},
  pages={60-71},
  series="LNCS",
  volume="7168",
  publisher={Springer-Verlag},
  address="Berlin-Heidelberg, Germany",
  editor={H.~J.~van den Herik and A. Plaat}
    }



@inproceedings{acceleratedUCT,
	author = {J. Hashimoto and A. Kishimoto and K. Yoshizoe and K. Ikeda},
	title = {{A}ccelerated {UCT} and {I}ts {A}pplication to {T}wo-{P}layer {G}ames},
	booktitle = {Advances in Computer Games (ACG 13)},
	year={2012},
	pages={1-12},
	series="LNCS",
	volume="7168",
    publisher="Springer-Verlag",
    address="Berlin-Heidelberg, Germany",
    editor={H.~J.~van den Herik and A. Plaat}

}
	
	
	@inproceedings{rimmel2010multiple,
  title={{Multiple Overlapping Tiles for Contextual Monte Carlo Tree Search}},
  author={Rimmel, A. and Teytaud, F.},
  booktitle={Applications of Evolutionary Computation},
  pages={201--210},
  year={2010},
  publisher={Springer-Verlag},
  address="Berlin-Heidelberg, Germany",
  series="LNCS",
  volume="6024",
  editor = "Di Chio, C. and Cagnoni, S. and Cotta, C. and Ebner, M. and Ek{\'a}rt, A. and Esparcia-Alcazar, A. and Goh, C-K. and Merelo, J. and Neri, F. and Preu{\ss}, M. and Togelius, J. and Yannakakis, G."

}




@book{suttonBarto,
 author = {R.~S. Sutton and A.~G. Barto},
 title = {{Reinforcement Learning: An Introduction}},
 publisher = {The MIT Press},
 year = {1998},
 series={Adaptive Computation and Machine Learning},
 address={Cambridge, Massachusetts}


}





@article{FinnssonB11a,
        author = {H. Finnsson and Y. Bj{\"o}rnsson},
        title = {{CadiaPlayer}: {Search Control Techniques}},
        journal = {KI Journal},
        year = {2011},
         volume   =  {25},
        number  =  {1},
    	pages = {9--16}
        }


@article{alphabeta,
title = {{An Analysis of Alpha-Beta Pruning}},
journal = "Artificial Intelligence",
volume = "6",
number = "4",
pages = "293 - 326",
year = "1975",
note = "",
issn = "0004-3702",
doi = "10.1016/0004-3702(75)90019-3",
author = "D.~E. Knuth and R.~W. Moore"
}



@article{ucb1,
 author = {Auer, Peter and Cesa-Bianchi, Nicol\`{o} and Fischer, Paul},
 title = {Finite-{T}ime {A}nalysis of the {M}ulti-{A}rmed {B}andit {P}roblem},
 journal = {Machine Learning},
 issue_date = {May-June 2002},
 volume = {47},
 number = {2-3},
 month = may,
 year = {2002},
 issn = {0885-6125},
 pages = {235--256},
 numpages = {22},
 publisher = {Kluwer Academic Publishers},
 address = {Hingham, MA, USA},
 keywords = {adaptive allocation rules, bandit problems, finite horizon regret}
} 